@article{gatheral,
  title={Volatility is rough},
  author={Gatheral, Jim and Jaisson, Thibault and Rosenbaum, Mathieu},
  journal={Quantitative finance},
  volume={18},
  number={6},
  pages={933--949},
  year={2018},
  publisher={Taylor \& Francis}
}
@article{comte,
  title={Long memory in continuous-time stochastic volatility models},
  author={Comte, Fabienne and Renault, Eric},
  journal={Mathematical finance},
  volume={8},
  number={4},
  pages={291--323},
  year={1998},
  publisher={Wiley Online Library}
}
@article{cont,
  title={Rough volatility: fact or artefact?},
  author={Cont, Rama and Das, Purba},
  journal={Sankhya B},
  volume={86},
  number={1},
  pages={191--223},
  year={2024},
  publisher={Springer}
}
@article{dieker,
  title={On spectral simulation of fractional Brownian motion},
  author={Dieker, Antonius Bernardus and Mandjes, Michael},
  journal={Probability in the Engineering and Informational Sciences},
  volume={17},
  number={3},
  pages={417--434},
  year={2003},
  publisher={Cambridge University Press}
}
@article{paxson,
  title={Fast, approximate synthesis of fractional Gaussian noise for generating self-similar network traffic},
  author={Paxson, Vern},
  journal={ACM SIGCOMM Computer Communication Review},
  volume={27},
  number={5},
  pages={5--18},
  year={1997},
  publisher={ACM New York, NY, USA}
}
@article{cont2,
  title={Pathwise integration and change of variable formulas for continuous paths with arbitrary regularity},
  author={Cont, Rama and Perkowski, Nicolas},
  journal={Transactions of the American Mathematical Society, Series B},
  volume={6},
  number={5},
  pages={161--186},
  year={2019}
}
@article{fukasawa,
  title={Consistent estimation for fractional stochastic volatility model under high-frequency asymptotics},
  author={Fukasawa, Masaaki and Takabatake, Tetsuya and Westphal, Rebecca},
  journal={Mathematical Finance},
  volume={32},
  number={4},
  pages={1086--1132},
  year={2022},
  publisher={Wiley Online Library}
}
@article{han,
  title={Estimating the roughness exponent of stochastic volatility from discrete observations of the realized variance},
  author={Han, Xiyue and Schied, Alexander},
  journal={arXiv preprint arXiv:2307.02582},
  year={2023}
}
@article{bollerslev,
  title={Modeling and pricing long memory in stock market volatility},
  author={Bollerslev, Tim and Mikkelsen, Hans Ole},
  journal={Journal of econometrics},
  volume={73},
  number={1},
  pages={151--184},
  year={1996},
  publisher={Elsevier}
}
@article{el2019,
  title={Roughening heston},
  author={El Euch, Omar and Gatheral, Jim and Rosenbaum, Mathieu},
  journal={Risk},
  pages={84--89},
  year={2019}
}
@article{bayer2016,
  title={Pricing under rough volatility},
  author={Bayer, Christian and Friz, Peter and Gatheral, Jim},
  journal={Quantitative Finance},
  volume={16},
  number={6},
  pages={887--904},
  year={2016},
  publisher={Taylor \& Francis}
}
@article{bolko2023,
  title={A GMM approach to estimate the roughness of stochastic volatility},
  author={Bolko, Anine E and Christensen, Kim and Pakkanen, Mikko S and Veliyev, Bezirgen},
  journal={Journal of Econometrics},
  volume={235},
  number={2},
  pages={745--778},
  year={2023},
  publisher={Elsevier}
}
@article{biagini2008,
  title={Stochastic Calculus for Fractional Brow-nian Motion and Applications},
  author={Biagini, F},
  journal={Probability and its Applications (New York)/SpringerVerlag London, Ltd},
  year={2008}
}
@book{jacod2012,
  title={Discretization of processes},
  author={Jacod, Jean},
  year={2012},
  publisher={Springer}
}
@misc{han2022hurst,
  title={The hurst roughness exponent and its model-free estimation},
  author={Han, Xiyue and Schied, Alexander},
  year={2022},
  publisher={ArXiv}
}